report.bib
A
@article{turing1950computing,
  title={Computing machinery and intelligence},
  author={Turing, Alan M},
  journal={Mind},
  volume={59},
  number={236},
  pages={433--460},
  year={1950},
  publisher={JSTOR}
}
@inproceedings{sims1994evolving,
  title={Evolving virtual creatures},
  author={Sims, Karl},
  booktitle={Proceedings of the 21st annual conference on Computer graphics and interactive techniques},
  pages={15--22},
  year={1994},
  organization={ACM}
}
@article{hornby2001evolving,
  title={Evolving L-systems to generate virtual creatures},
  author={Hornby, Gregory S and Pollack, Jordan B},
  journal={Computers \& Graphics},
  volume={25},
  number={6},
  pages={1041--1048},
  year={2001},
  publisher={Elsevier}
}
@inproceedings{lehman2011evolving,
  title={Evolving a diversity of virtual creatures through novelty search and local competition},
  author={Lehman, Joel and Stanley, Kenneth O},
  booktitle={Proceedings of the 13th annual conference on Genetic and evolutionary computation},
  pages={211--218},
  year={2011},
  organization={ACM}
}
 @article{krcah2007evolutionary,
  title={Evolutionary development of robotic organisms},
  author={Krcah, Peter},
  journal={Master's thesis, Charles University in Prague},
  year={2007}
}


@article{stanley2002evolving,
  title={Evolving neural networks through augmenting topologies},
  author={Stanley, Kenneth O and Miikkulainen, Risto},
  journal={Evolutionary computation},
  volume={10},
  number={2},
  pages={99--127},
  year={2002},
  publisher={MIT Press}
}


@inproceedings{hornby2001evolution,
  title={Evolution of generative design systems for modular physical robots},
  author={Hornby, Gregory S and Lipson, Hod and Pollack, Jordan B},
  booktitle={Robotics and Automation, 2001. Proceedings 2001 ICRA. IEEE International Conference on},
  volume={4},
  pages={4146--4151},
  year={2001},
  organization={IEEE}
}
@article{srinivas1994muiltiobjective,
  title={Muiltiobjective optimization using nondominated sorting in genetic algorithms},
  author={Srinivas, Nidamarthi and Deb, Kalyanmoy},
  journal={Evolutionary computation},
  volume={2},
  number={3},
  pages={221--248},
  year={1994},
  publisher={MIT Press}
}


